@book{SipserBook,
  author    = {Michael Sipser},
  title     = {Introduction to the theory of computation},
  publisher = {{PWS} Publishing Company},
  year      = {1997},
  isbn      = {978-0-534-94728-6},
  timestamp = {Thu, 21 Apr 2011 19:59:45 +0200},
  biburl    = {https://dblp.org/rec/bib/books/daglib/0086373},
  bibsource = {dblp computer science bibliography, https://dblp.org}
}
